<?xml version="1.0" encoding="UTF-8"?><collection xmlns="http://www.loc.gov/MARC21/slim"><record><leader>00401nam--2200121-i-4500</leader><controlfield tag="001">000002451</controlfield><controlfield tag="002">20161230</controlfield><controlfield tag="005">20161230201025</controlfield><controlfield tag="008">060222s1000------------r-----000-0-eng-d</controlfield><datafield ind1=" " ind2=" " tag="100"><subfield code="a">Fieller, E. C., Lewis, T</subfield></datafield><datafield ind1=" " ind2=" " tag="245"><subfield code="a">Pearson, e. s</subfield></datafield><datafield ind1=" " ind2=" " tag="260"><subfield code="a">Correlated Random Normal Deviates. 3000sets Of Deviates, Each Giving 9 Random Pair With Correlations..</subfield></datafield><datafield ind1=" " ind2=" " tag="490"><subfield code="a">Dep. Of Statistics. Tracts For Computers Xxvi</subfield></datafield></record></collection>